
@article{sdsn_sdg_2019,
  title = {{{SDG Costing}} \& {{Financing}} for Low-Income Developing Countries},
  author = {SDSN, Sustainable Development Solutions Network},
  year = {2019},
  url = {https://resources.unsdsn.org/sdg-costing-financing-for-low-income-developing-countries}
}